@inproceedings{wang2025apractical,
title={A Practical Guide for Incorporating Symmetry in Diffusion Policy}, 
author={\textbf{D. Wang} and Boce Hu and Shuran Song and Robin Walters\textsuperscript{\textdagger} and Robert Platt\textsuperscript{\textdagger}},
booktitle = {Conference on Neural Information Processing Systems ({NeurIPS})},
year      = {2025},
note={\href{https://arxiv.org/pdf/2505.13431}{\underline{Link}}}
}

@inproceedings{hu20253dequi,
title={3D Equivariant Visuomotor Policy Learning via Spherical Projection}, 
author={Boce Hu and \textbf{D. Wang}\textsuperscript{\Letter} and David Klee and Heng Tian and Xupeng Zhu and Haojie Huang and Robert Platt and Robin Walters},
booktitle = {Conference on Neural Information Processing Systems ({NeurIPS})},
year      = {2025},
note={{\color{BrickRed}\textbf{Spotlight}}. \href{https://arxiv.org/pdf/2505.16969}{\underline{Link}}}
}

@article{hu2025push,
title={Push-Grasp Policy Learning Using Equivariant Models and Grasp Score Optimization}, 
author={Boce Hu* and Heng Tian* and \textbf{D. Wang}\textsuperscript{\Letter} and Haojie Huang and Xupeng Zhu and Robin Walters and Robert Platt},
journal={IEEE Robotics and Automation Letters (RAL)}, 
year={2025},
note={\href{https://arxiv.org/pdf/2504.03053}{\underline{Link}}}
}

@inproceedings{zhao2025hierarchical,
title={Hierarchical Equivariant Policy via Frame Transfer}, 
author={Haibo Zhao* and \textbf{D. Wang*}\textsuperscript{\Letter} and Yizhe Zhu and Xupeng Zhu and Owen Howell and Linfeng Zhao and Yaoyao Qian and Robin Walters and Robert Platt},
booktitle={International Conference on Machine Learning (ICML)},
year={2025},
note={\href{https://arxiv.org/pdf/2502.05728}{\underline{Link}}}
}

@unpublished{zhu2025coarse,
  author    = {Xupeng Zhu and David Klee* and \textbf{D. Wang*} and Boce Hu and Haojie Huang and Arsh Tangri and Robin Walters and Robert Platt},
  title     = {Coarse-to-Fine 3D Keyframe Transporter},
  note      = {\href{https://arxiv.org/pdf/2502.01773}{\underline{Link}}}
}

@inproceedings{huang2024match,
  author    = {Haojie Huang and Haotian Liu and \textbf{D. Wang} and Robin Walters\textsuperscript{\textdagger} and Robert Platt\textsuperscript{\textdagger}},
  title     = {MATCH POLICY: A Simple Pipeline from Point Cloud Registration to Manipulation Policies},
  booktitle = {International Conference on Robotics and Automation ({ICRA})},
  year      = {2025},
  note      = {\href{https://www.arxiv.org/pdf/2409.15517}{\underline{Link}}}
}

@inproceedings{wang2024diffusion,
  author    = {\textbf{D. Wang} and Stephen Hart and David Surovik and Tarik Kelestemur and Haojie Huang and Haibo Zhao and Mark Yeatman and Jiuguang Wang and Robin Walters and Robert Platt},
  title     = {Equivariant Diffusion Policy},
  booktitle = {Conference on Robot Learning ({CoRL})},
  year      = {2024},
  note      = {{\color{BrickRed}\textbf{Outstanding Paper Award Finalist}}. \href{https://arxiv.org/pdf/2407.01812}{\underline{Link}}}
}

@inproceedings{hu2024orbit,
  author    = {Boce Hu and Xupeng Zhu* and \textbf{D. Wang*} and Zihao Dong* and Haojie Huang* and Chenghao Wang* and Robin Walters and Robert Platt},
  title     = {OrbitGrasp: SE(3)-Equivariant Grasp Learning},
  booktitle = {Conference on Robot Learning ({CoRL})},
  year      = {2024},
  note      = {\href{https://arxiv.org/pdf/2407.03531}{\underline{Link}}}
}

@inproceedings{huang2024imagination,
  author    = {Haojie Huang and Karl Schmeckpeper* and \textbf{D. Wang*} and Ondrej Biza and Yaoyao Qian and Haotian Liu and Mingxi Jia and Robert Platt and Robin Walters},
  title     = {IMAGINATION POLICY: Using Generative Point Cloud Models for Learning Manipulation Policies},
  booktitle = {Conference on Robot Learning ({CoRL})},
  year      = {2024},
  note      = {\href{https://arxiv.org/pdf/2406.11740}{\underline{Link}}}
}

@unpublished{tangri2024equivariant,
  author    = {Arsh Tangri and Ondrej Biza and \textbf{D. Wang} and David Klee and Owen Lewis Howell and Robert Platt},
  title     = {Equivariant Offline Reinforcement Learning},
  note      = {\href{https://arxiv.org/pdf/2406.13961}{\underline{Link}}}
}

@ARTICLE{jia2024open,
  author={Jia, Mingxi and Huang, Haojie and Zhang, Zhewen and Wang, Chenghao and Zhao, Linfeng and \textbf{D. Wang} and Liu, Jason Xinyu and Walters, Robin and Platt, Robert and Tellex, Stefanie},
  journal={IEEE Robotics and Automation Letters (RAL)}, 
  title={Learning Efficient and Robust Language-Conditioned Manipulation Using Textual-Visual Relevancy and Equivariant Language Mapping}, 
  year={2025},
  note      = {\href{https://arxiv.org/pdf/2406.15677}{\underline{Link}}}
}

@unpublished{klee2024reducing,
  author    = {David Klee and \textbf{D. Wang} and Robert Platt and Robin Walters},
  title     = {Reducing Symmetry Mismatch Caused by Freely Placed Cameras in Robotic Learning},
  note      = {Under review}
}

@inproceedings{huang2023fourier,
  author    = {Haojie Huang and Owen Lewis Howell* and \textbf{D. Wang*} and Xupeng Zhu* and Robert Platt\textsuperscript{\textdagger} and Robin Walters\textsuperscript{\textdagger}},
  title     = {Fourier Transporter: Bi-Equivariant Robotic Manipulation in 3D},
  booktitle = {International Conference on Learning Representations ({ICLR})},
  year      = {2024},
  note      = {\href{https://openreview.net/pdf?id=UulwvAU1W0}{\underline{Link}}}
}

@article{huang2023leveraging,
  author    = {Haojie Huang and \textbf{D. Wang} and Arsh Tangri and Robin Walters and Robert Platt},
  title     = {Leveraging Pick and Place Symmetries},
  journal   = {The International Journal of Robotics Research ({IJRR})},
  year = {2024},
  note      = {\href{https://arxiv.org/pdf/2308.07948.pdf}{\underline{Link}}},
}

@inproceedings{wang2023theory,
  author    = {\textbf{D. Wang} and Xupeng Zhu and Jung Yeon Park and Robert Platt and Robin Walters},
  title     = {A General Theory of Correct, Incorrect, and Extrinsic Equivariance},
  booktitle = {Conference on Neural Information Processing Systems ({NeurIPS})},
  year      = {2023},
  note      = {\href{https://arxiv.org/pdf/2303.04745.pdf}{\underline{Link}}},}

@inproceedings{nguyen2023equivariant,
  author    = {Hai Huu Nguyen and David Klee and Andrea Baisero and \textbf{D. Wang} and Robert Platt and Christopher Amato},
  title     = {Equivariant Reinforcement Learning under Partial Observability},
  booktitle = {Conference on Robot Learning ({CoRL})},
  year      = {2023},
  note      = {\href{https://openreview.net/pdf?id=AnDDMQgM7-}{\underline{Link}}},
}

@article{zhu2023grasp,
  author    = {Xupeng Zhu and \textbf{D. Wang} and Guanang Su and Ondrej Biza and Robin Walters and Robert Platt},
  title     = {On Robot Grasp Learning Using Equivariant Models},
  journal   = {{Autonomous Robots}},
  year = {2023},
  note={\href{https://link.springer.com/content/pdf/10.1007/s10514-023-10112-w.pdf}{\underline{Link}}},
}

@inproceedings{wang2023surprising,
  author    = {\textbf{D. Wang} and Jung Yeon Park and Neel Sortur and Lawson L.S. Wong and Robin Walters\textsuperscript{\textdagger} and Robert Platt\textsuperscript{\textdagger}},
  title     = {The Surprising Effectiveness of Equivariant Models in Domains with Latent Symmetry},
  booktitle = {International Conference on Learning Representations ({ICLR})},
  year      = {2023},
  note      = {{\color{BrickRed}\textbf{Spotlight}}. \href{https://arxiv.org/pdf/2211.09231.pdf}{\underline{Link}}},
}

@inproceedings{jia2023seil,
  author    = {Mingxi Jia* and \textbf{D. Wang}* and Guanang Su and David Klee and Xupeng Zhu and Robin Walters and Robert Platt},
  title     = {SEIL: Simulation-augmented Equivariant Imitation Learning},
  booktitle = {International Conference on Robotics and Automation ({ICRA})},
  year      = {2023},
  note      = {\href{https://arxiv.org/pdf/2211.00194.pdf}{\underline{Link}}},
}

@inproceedings{huang2023edge,
  author    = {Haojie Huang and \textbf{D. Wang} and Xupeng Zhu and Robin Walters and Robert Platt},
  title     = {Edge Grasp Network: A Graph-Based {$\mathrm{SE}(3)$}-invariant Approach to Grasp Detection},
  booktitle = {International Conference on Robotics and Automation ({ICRA})},
  year      = {2023},
  note      = {\href{https://arxiv.org/pdf/2211.00191.pdf}{\underline{Link}}},
}

@inproceedings{wang2022onrobot,
  author    = {\textbf{D. Wang} and Mingxi Jia and Xupeng Zhu and Robin Walters and Robert Platt},
  title     = {On-Robot Learning With Equivariant Models},
  booktitle = {Conference on Robot Learning ({CoRL})},
  year      = {2022},
  note      = {\href{https://arxiv.org/pdf/2203.04923.pdf}{\underline{Link}}},
}

@inproceedings{nguyen2022leveraging,
  author    = {Hai Huu Nguyen and Andrea Baisero and \textbf{D. Wang} and Christopher Amato and Robert Platt},
  title     = {Leveraging Fully Observable Policies for Learning under Partial Observability},
  booktitle = {Conference on Robot Learning ({CoRL})},
  year      = {2022},
  note      = {\href{https://openreview.net/pdf?id=pn-HOPBioUE}{\underline{Link}}},
}

@inproceedings{wang2022bulletarm,
  author    = {\textbf{D. Wang}* and Colin Kohler* and Xupeng Zhu and Mingxi Jia and Robert Platt},
  title     = {BulletArm: An Open-Source Robotic Manipulation Benchmark and Learning Framework},
  booktitle = {The International Symposium on Robotics Research ({ISRR})},
  year      = {2022},
  note      = {\href{https://arxiv.org/pdf/2205.14292.pdf}{\underline{Link}}},
}

@inproceedings{huang2022equivariant,
  author    = {Haojie Huang and \textbf{D. Wang} and Robin Walters and Robert Platt},
  title     = {Equivariant Transporter Network},
  booktitle = {Robotics: Science and Systems ({RSS})},
  year      = {2022},
  note      = {\href{https://arxiv.org/pdf/2202.09400.pdf}{\underline{Link}}},
}

@inproceedings{zhu2022sample,
  author    = {Xupeng Zhu and \textbf{D. Wang} and Ondrej Biza and Guanang Su and Robin Walters and Robert Platt},
  title     = {Sample Efficient Grasp Learning Using Equivariant Models},
  booktitle = {Robotics: Science and Systems ({RSS})},
  year      = {2022},
  note      = {\href{https://arxiv.org/pdf/2202.09468.pdf}{\underline{Link}}},
}

@inproceedings{wang2022so2,
  author    = {\textbf{D. Wang} and Robin Walters and Robert Platt},
  title     = {{$\mathrm{SO}(2)$}-Equivariant Reinforcement Learning},
  booktitle = {International Conference on Learning Representations ({ICLR})},
  year      = {2022},
  note      = {{\color{BrickRed}\textbf{Spotlight}}. \href{https://arxiv.org/pdf/2203.04439.pdf}{\underline{Link}}},
}

@inproceedings{wang2021equivariant,
  author    = {\textbf{D. Wang} and Robin Walters and Xupeng Zhu and Robert Platt},
  title     = {Equivariant {$Q$} Learning in Spatial Action Spaces},
  booktitle = {Conference on Robot Learning ({CoRL})},
  year      = {2021},
  note      = {\href{https://arxiv.org/pdf/2110.15443.pdf}{\underline{Link}}},
}

@article{wilkinson2021design,
  author    = {Alexander Wilkinson and Michael Gonzales and Patrick Hoey and David Kontak and \textbf{D. Wang} and Noah Torname and Amelia Sinclaire and Zhao Han and Jordan Allspaw and Robert Platt and Holly Yanco},
  title     = {Design Guidelines for Human-Robot Interaction with Assistive Robot Manipulation Systems},
  journal   = {{Paladyn}, Journal of Behavioral Robotics},
  year      = {2021},
  note      = {\href{https://www.degruyter.com/document/doi/10.1515/pjbr-2021-0023/html}{\underline{Link}}},
}

@inproceedings{biza2021action,
  author    = {Ondrej Biza and \textbf{D. Wang} and Robert Platt and Jan-Willem van de Meent and Lawson LS Wong},
  title     = {Action Priors for Large Action Spaces in Robotics},
  booktitle = {International Conference on Autonomous Agents and Multiagent Systems ({AAMAS})},
  year      = {2021},
  note      = {\href{https://arxiv.org/pdf/2101.04178.pdf}{\underline{Link}}},
}

@inproceedings{wang2020policy,
  author    = {\textbf{D. Wang} and Colin Kohler and Robert Platt},
  title     = {Policy learning in {$\mathrm{SE}(3)$} action spaces},
  booktitle = {Conference on Robot Learning ({CoRL})},
  year      = {2020},
  note      = {\href{https://arxiv.org/pdf/2010.02798.pdf}{\underline{Link}}},
}

@inproceedings{wang2019assistive,
  author    = {\textbf{D. Wang} and Colin Kohler and Andreas ten Pas and Alexander Wilkinson and Maozhi Liu and Holly Yanco and Robert Platt},
  title     = {Towards Assistive Robotic Pick and Place in Open World Environments},
  booktitle = {The International Symposium on Robotics Research ({ISRR})},
  year      = {2019},
  note      = {\href{https://arxiv.org/pdf/1809.09541.pdf}{\underline{Link}}},
}

@inproceedings{wang2022equiws,
  author    = {\textbf{D. Wang} and Robin Walters and Mingxi Jia and Xupeng Zhu and Robert Platt},
  title     = {Equivariant Reinforcement Learning for Robotic Manipulation},
  booktitle = {ICRA 2022 Workshop on Scaling Robot Learning},
  year      = {2022},
}

@inproceedings{zhu2022samplews,
  author    = {Xupeng Zhu and \textbf{D. Wang} and Ondrej Biza and Guanang Su and Robin Walters and Robert Platt},
  title     = {Sample Efficient Grasp Learning Using Equivariant Models},
  booktitle = {ICRA 2022 Workshop on Scaling Robot Learning},
  year      = {2022},
}

@inproceedings{huang2022equivariantws,
  author    = {Haojie Huang and \textbf{D. Wang} and Robin Walters and Robert Platt},
  title     = {Equivariant Transporter Network},
  booktitle = {ICRA 2022 Workshop on Scaling Robot Learning},
  year      = {2022},
  note      = {{\color{BrickRed}\textbf{Best Paper Award Finalist}}}
}

@inproceedings{wang2021equivariantws,
  author    = {\textbf{D. Wang} and Xupeng Zhu and Robin Walters and Ondrej Biza and Guanang Su and Robert Platt},
  title     = {Equivariant {$Q$} Learning in Spatial Action Spaces},
  booktitle = {RSS 2022 Workshop on Scaling Robot Learning},
  year      = {2022},
}

@inproceedings{
huang2022edgews,
title={Edge Grasp Network},
author={Haojie Huang and \textbf{D. Wang} and Xupeng Zhu and Robin Walters and Robert Platt},
booktitle={CoRL 2022 Workshop on Sim-to-Real Robot Learning: Locomotion and Beyond},
year={2022},
}

@inproceedings{jia2023seilws,
  author    = {\textbf{D. Wang}* and Mingxi Jia* and Guanang Su and David Klee and Xupeng Zhu and Robin Walters and Robert Platt},
  title     = {SEIL: Simulation-augmented Equivariant Imitation Learning},
  booktitle={CoRL 2022 Workshop on Sim-to-Real Robot Learning: Locomotion and Beyond},
  year      = {2022},
}

@inproceedings{
wang2023thews,
title={The Surprising Effectiveness of Equivariant Models in Domains with Latent Symmetry},
author={\textbf{D. Wang} and Jung Yeon Park and Neel Sortur and Lawson Wong and Robin Walters and Robert Platt},
booktitle={NeurIPS 2023 Workshop on Symmetry and Geometry in Neural Representations},
year={2023},
}

@inproceedings{
wang2024correctws,
title={Correct, Incorrect and Extrinsic Equivariance},
author={\textbf{D. Wang} and Jung Yeon Park and Xupeng Zhu and Neel Sortur and Mingxi Jia and Guanang Su and Lawson Wong and Robin Walters and Robert Platt},
booktitle={ICML 2024 Workshop on Geometric-Grounded Representation Learning and Generative Modelling},
year={2024},
}

@inproceedings{
jia2024equivariantws,
title={Equivariant Open-vocabulary Pick and Place via Language Kernels and Patch-level Semantic Maps},
author={Mingxi Jia and Haojie Huang and Zhewen Zhang and Chenghao Wang and Linfeng Zhao and \textbf{D. Wang} and Jason Xinyu Liu and Robin Walters and Robert Platt and Stefanie Tellex},
booktitle={RSS 2024 Workshop on Task Specification for General-Purpose Intelligent Robots},
year={2024},
}

